<record xmlns="http://www.loc.gov/MARC21/slim" xmlns:xsi="http://www.w3.org/2001/XMLSchema-instance" xsi:schemaLocation="http://www.loc.gov/MARC21/slim http://www.loc.gov/standards/marcxml/schema/MARC21slim.xsd">

  <leader>01610nab a22001697a 4500</leader>
  <datafield ind2=" " tag="999" ind1=" ">
    <subfield code="c">2816</subfield>
    <subfield code="d">2816</subfield>
  </datafield>
  <controlfield tag="005">20170130110232.0</controlfield>
  <controlfield tag="008">150820b2002    cr f|||| |||| 00| 0 spa d</controlfield>
  <datafield tag="090" ind1=" " ind2=" ">
    <subfield code="a">REVIS 06.02.01</subfield>
  </datafield>
  <datafield tag="100" ind1="1" ind2=" ">
    <subfield code="9">214</subfield>
    <subfield code="a">Ordoñez Peñalonzo, Jacinto</subfield>
  </datafield>
  <datafield ind2="0" tag="245" ind1="1">
    <subfield code="a">Pedagogía crítica y educación superior /</subfield>
    <subfield code="c">Jacinto Ordónez Peñalonzo</subfield>
  </datafield>
  <datafield tag="260" ind1=" " ind2=" ">
    <subfield code="a">San José, Costa Rica :</subfield>
    <subfield code="b">Editorial Universidad de Costa Rica,</subfield>
    <subfield code="c">2002</subfield>
  </datafield>
  <datafield ind2=" " ind1=" " tag="300">
    <subfield code="a">páginas 185-196</subfield>
  </datafield>
  <datafield ind2=" " tag="520" ind1=" ">
    <subfield code="a">En los últimos años, ha sido común hablar de Pensamiento Crítico, contexto dentro del cual también se habla de Pedagogía crítica. Se encuentran títulos tales como: pedagogía crítica de la época moderna,  de perspectivas críticas en educación, de pedagogía crítica en los fundamentos de la educación, y de teoría crítica de la enseñanza, entre otros. Muchas preguntas son también las que podríamos formular a esta pedagogía, tales como ¿Cuáles son sus características? ¿Cuál es su contribución  específica a la educación en general? O ¿ Cuál es su aporte a la educación superior? Para ponerlo en términos que ahora nos interesa, la presente ponencia aborda tres de las características de la Pedagogía Crítica que tienen especial relevancia en la educación superior; la relación entre educación y contexto histórico-social, la relación entre teoría y práctica y la relación entre docencia e investigación</subfield>
  </datafield>
  <datafield ind2="4" ind1="1" tag="650">
    <subfield code="9">1</subfield>
    <subfield code="a">EDUCACIÓN</subfield>
  </datafield>
  <datafield ind1="0" tag="773" ind2=" ">
    <subfield code="d">San José, Costa Rica : Editorial de la Universidad de Costa Rica, 1997-</subfield>
    <subfield code="o">R0059</subfield>
    <subfield code="t">EDUCACIÓN: Revista de la Universidad de Costa Rica</subfield>
    <subfield code="g">Vol.26, no.2  (2002)</subfield>
  </datafield>
  <datafield ind1=" " tag="942" ind2=" ">
    <subfield code="2">z</subfield>
    <subfield code="c">10</subfield>
  </datafield>
</record>